@article{allen,
author = {Allen, Matthew J. and Grieve, Stuart W. D. and Owen, Harry J. F. and Lines, Emily R.},
title = {Tree species classification from complex laser scanning data in Mediterranean forests using deep learning},
journal = {Methods in Ecology and Evolution},
year={2022},
keywords = {convolutional neural networks, data augmentation, deep learning, forest monitoring, machine learning, terrestrial laser scanning, tree species classification, water-limited ecosystems},
doi = {https://doi.org/10.1111/2041-210X.13981},
url = {https://besjournals.onlinelibrary.wiley.com/doi/abs/10.1111/2041-210X.13981},
eprint = {https://besjournals.onlinelibrary.wiley.com/doi/pdf/10.1111/2041-210X.13981},
}
@article{seidel2021predicting,
  title={Predicting tree species from 3D laser scanning point clouds using deep learning},
  author={Seidel, Dominik and Annigh{\"o}fer, Peter and Thielman, Anton and Seifert, Quentin Edward and Thauer, Jan-Henrik and Glatthorn, Jonas and Ehbrecht, Martin and Kneib, Thomas and Ammer, Christian},
  journal={Frontiers in Plant Science},
  volume={12},
  pages={635440},
  year={2021},
  publisher={Frontiers Media SA}
}
@inproceedings{goyal2021revisiting,
  title={Revisiting point cloud shape classification with a simple and effective baseline},
  author={Goyal, Ankit and Law, Hei and Liu, Bowei and Newell, Alejandro and Deng, Jia},
  booktitle={International Conference on Machine Learning},
  pages={3809--3820},
  year={2021},
  organization={PMLR}
}
@article{zou2017tree,
  title={Tree classification in complex forest point clouds based on deep learning},
  author={Zou, Xinhuai and Cheng, Ming and Wang, Cheng and Xia, Yan and Li, Jonathan},
  journal={IEEE Geoscience and Remote Sensing Letters},
  volume={14},
  number={12},
  pages={2360--2364},
  year={2017},
  publisher={IEEE}
}
@article{xi2020see,
  title={See the forest and the trees: Effective machine and deep learning algorithms for wood filtering and tree species classification from terrestrial laser scanning},
  author={Xi, Zhouxin and Hopkinson, Chris and Rood, Stewart B and Peddle, Derek R},
  journal={ISPRS Journal of Photogrammetry and Remote Sensing},
  volume={168},
  pages={1--16},
  year={2020},
  publisher={Elsevier}
}
@article{terryn2020tree,
  title={Tree species classification using structural features derived from terrestrial laser scanning},
  author={Terryn, Louise and Calders, Kim and Disney, Mathias and Origo, Niall and Malhi, Yadvinder and Newnham, Glenn and Raumonen, Pasi and Verbeeck, Hans and others},
  journal={ISPRS Journal of Photogrammetry and Remote Sensing},
  volume={168},
  pages={170--181},
  year={2020},
  publisher={Elsevier}
}
@article{lu2022survey,
  doi = {10.48550/ARXIV.2205.07417},
  
  url = {https://arxiv.org/abs/2205.07417},
  
  author = {Lu, Dening and Xie, Qian and Wei, Mingqiang and Gao, Kyle and Xu, Linlin and Li, Jonathan},
  
  keywords = {Computer Vision and Pattern Recognition (cs.CV), FOS: Computer and information sciences, FOS: Computer and information sciences},
  
  title = {Transformers in 3D Point Clouds: A Survey},
  
  publisher = {arXiv},
  
  year = {2022},
  
  copyright = {Creative Commons Attribution Non Commercial No Derivatives 4.0 International}
}
@article{guo2021,
	doi = {10.1007/s41095-021-0229-5},
  
	url = {https://doi.org/10.1007%2Fs41095-021-0229-5},
  
	year = 2021,
	month = {apr},
  
	publisher = {Springer Science and Business Media {LLC}
},
  
	volume = {7},
  
	number = {2},
  
	pages = {187--199},
  
	author = {Meng-Hao Guo and Jun-Xiong Cai and Zheng-Ning Liu and Tai-Jiang Mu and Ralph R. Martin and Shi-Min Hu},
  
	title = {{PCT}: Point cloud transformer},
  
	journal = {Computational Visual Media}
}
@article{pointnetplusplus,
  doi = {10.48550/ARXIV.1706.02413},
  
  url = {https://arxiv.org/abs/1706.02413},
  
  author = {Qi, Charles R. and Yi, Li and Su, Hao and Guibas, Leonidas J.},
  
  keywords = {Computer Vision and Pattern Recognition (cs.CV), FOS: Computer and information sciences, FOS: Computer and information sciences},
  
  title = {PointNet++: Deep Hierarchical Feature Learning on Point Sets in a Metric Space},
  
  publisher = {arXiv},
  
  year = {2017},
  
  copyright = {arXiv.org perpetual, non-exclusive license}
}
@misc{pointnet,
  doi = {10.48550/ARXIV.1612.00593},
  
  url = {https://arxiv.org/abs/1612.00593},
  
  author = {Qi, Charles R. and Su, Hao and Mo, Kaichun and Guibas, Leonidas J.},
  
  keywords = {Computer Vision and Pattern Recognition (cs.CV), FOS: Computer and information sciences, FOS: Computer and information sciences},
  
  title = {PointNet: Deep Learning on Point Sets for 3D Classification and Segmentation},
  
  publisher = {arXiv},
  
  year = {2016},
  
  copyright = {arXiv.org perpetual, non-exclusive license}
}
@misc{goyal2021,
  doi = {10.48550/ARXIV.2106.05304},
  
  url = {https://arxiv.org/abs/2106.05304},
  
  author = {Goyal, Ankit and Law, Hei and Liu, Bowei and Newell, Alejandro and Deng, Jia},
  
  keywords = {Computer Vision and Pattern Recognition (cs.CV), Machine Learning (cs.LG), FOS: Computer and information sciences, FOS: Computer and information sciences},
  
  title = {Revisiting Point Cloud Shape Classification with a Simple and Effective Baseline},
  
  publisher = {arXiv},
  
  year = {2021},
  
  copyright = {arXiv.org perpetual, non-exclusive license}
}

@article{HAMRAZ2019219,
title = {Deep learning for conifer/deciduous classification of airborne LiDAR 3D point clouds representing individual trees},
journal = {ISPRS Journal of Photogrammetry and Remote Sensing},
volume = {158},
pages = {219-230},
year = {2019},
issn = {0924-2716},
doi = {https://doi.org/10.1016/j.isprsjprs.2019.10.011},
url = {https://www.sciencedirect.com/science/article/pii/S0924271619302485},
author = {Hamid Hamraz and Nathan B. Jacobs and Marco A. Contreras and Chase H. Clark}
}

@article{BUDEI2018632,
title = {Identifying the genus or species of individual trees using a three-wavelength airborne lidar system},
journal = {Remote Sensing of Environment},
volume = {204},
pages = {632-647},
year = {2018},
issn = {0034-4257},
doi = {https://doi.org/10.1016/j.rse.2017.09.037},
url = {https://www.sciencedirect.com/science/article/pii/S0034425717304595},
author = {Brindusa Cristina Budei and Benoît St-Onge and Chris Hopkinson and Félix-Antoine Audet}
}

@article{MAYRA2021112322,
title = {Tree species classification from airborne hyperspectral and LiDAR data using 3D convolutional neural networks},
journal = {Remote Sensing of Environment},
volume = {256},
pages = {112322},
year = {2021},
issn = {0034-4257},
doi = {https://doi.org/10.1016/j.rse.2021.112322},
url = {https://www.sciencedirect.com/science/article/pii/S0034425721000407},
author = {Janne Mäyrä and Sarita Keski-Saari and Sonja Kivinen and Topi Tanhuanpää and Pekka Hurskainen and Peter Kullberg and Laura Poikolainen and Arto Viinikka and Sakari Tuominen and Timo Kumpula and Petteri Vihervaara}
}

@article{Hell2022,
title = {Classification of Tree Species and Standing Dead Trees with Lidar Point Clouds Using Two Deep Neural Networks: PointCNN and 3DmFV-Net},
journal = {PFG – Journal of Photogrammetry, Remote Sensing and Geoinformation Science},
volume = {90},
pages = {103–121},
year = {2022},
issn = {2512-2819},
doi = {https://doi.org/10.1007/s41064-022-00200-4},
author = {Maximilian Hell and Melanie Brandmeier and Sebastian Briechle and Peter Krzystek}
}

@article{micha2021,
AUTHOR = {Maja Michałowska and Jacek Rapiński},
TITLE = {A Review of Tree Species Classification Based on Airborne LiDAR Data and Applied Classifiers},
JOURNAL = {Remote Sensing},
VOLUME = {13},
YEAR = {2021},
NUMBER = {3},
ARTICLE-NUMBER = {353},
URL = {https://www.mdpi.com/2072-4292/13/3/353},
ISSN = {2072-4292}
}

@misc{guo2019,
  doi = {10.48550/ARXIV.1912.12033},
  url = {https://arxiv.org/abs/1912.12033},
  author = {Guo, Yulan and Wang, Hanyun and Hu, Qingyong and Liu, Hao and Liu, Li and Bennamoun, Mohammed},
  title = {Deep Learning for 3D Point Clouds: A Survey},
  publisher = {arXiv},
  year = {2019},
  copyright = {arXiv.org perpetual, non-exclusive license},
  archivePrefix="arXiv"
}
